% use `texdoc biblatex` to get help
E. Prouff, R. Strullu, R. Benadjila, E. Cagli, and C. Dumas, 
“Study of deep learning techniques for side-channel analysis and intro- duction to ASCAD database,” 
IACR Cryptol., ePrint Arch., vol. 2018, Art. no. 053.
Benadjila, Ryad = R. Benadjila
@article{benadjila2018study,
  title={Study of deep learning techniques for side-channel analysis and introduction to ASCAD database},
  author={Benadjila, Ryad and Prouff, Emmanuel and Strullu, R{\'e}mi and Cagli, Eleonora and Dumas, C{\'e}cile},
  journal={ANSSI, France \& CEA, LETI, MINATEC Campus, France. Online verf{\"u}gbar unter https://eprint. iacr. org/2018/053. pdf, zuletzt gepr{\"u}ft am},
  volume={22},
  pages={2018},
  year={2018}
}
学术期刊:序号 作者 文题 刊名 年 卷号(期号) 起止页码
专(译)著:序号 作者(译者) 书名. 出版地:出版者，出版年，起止页码
@inproceedings{rendle2010factorization,
  title={Factorization machines},
  author={S. Rendle},
  booktitle={2010 IEEE International Conference on Data Mining},
  pages={995-1000},
  year={2010},
  publisher={IEEE}
}

@inproceedings{matsunami2017user,
  title={User Similarity Calculating Method for Cosmetic Review Recommender System},
  author={Matsunami, Yuki and Okuda, Asami and Ueda, Mayumi and Nakajima, Shinsuke},
  booktitle={Proceedings of the International Multi Conference of Engineers and Computer Scientists},
  volume={1},
  year={2017}
}
